%! Author = Pedro Caetano
%! Date = 13/12/2021

