@article{srivastava_2017_scrum,
  author = {Srivastava, Apoorva and Bhardwaj, Sukriti and Saraswat, Shipra},
  month = {05},
  title = {SCRUM model for agile methodology},
  doi = {10.1109/ccaa.2017.8229928},
  year = {2017},
  journal = {2017 International Conference on Computing, Communication and Automation (ICCCA)}
}

@article{nuevo_2011_scrumbased,
  author = {Nuevo, Eva del and Piattini, Mario and Pino, Francisco J.},
  month = {08},
  title = {Scrum-based Methodology for Distributed Software Development},
  doi = {10.1109/icgse.2011.23},
  urldate = {2021-12-12},
  year = {2011},
  journal = {2011 IEEE Sixth International Conference on Global Software Engineering}
}