@misc{github_2014, title={Performance Â· micropython/micropython wiki}, url={https://github.com/micropython/micropython/wiki/Performance}, journal={GitHub}, publisher={micropython}, year={2014}, month={Jun}}

@misc{dicola, title={MicroPython basics: What is MicroPython?}, url={https://www.digikey.co.uk/en/maker/projects/micropython-basics-what-is-micropython/1f60afd88e6b44c0beb0784063f664fc}, journal={MicroPython Basics: What is MicroPython?}, publisher={DigiKey}, author={DiCola, Tony}}